<collection xmlns="http://www.loc.gov/MARC21/slim">
<record>
  <leader>01669nam0a2200337 i 450 </leader>
  <controlfield tag="001">IT\ICCU\CNCE\072896</controlfield>
  <controlfield tag="005">20190409000000.0</controlfield>
  <datafield tag="012" ind1=" " ind2=" ">
    <subfield code="a">toto dero iado Chel (C) 1540 (R)</subfield>
    <subfield code="2">fei</subfield>
  </datafield>
  <datafield tag="100" ind1=" " ind2=" ">
    <subfield code="a">20080505d1540        0itac0103    ba</subfield>
  </datafield>
  <datafield tag="101" ind1=" " ind2=" ">
    <subfield code="a">ITA</subfield>
  </datafield>
  <datafield tag="102" ind1=" " ind2=" ">
    <subfield code="a">IT</subfield>
  </datafield>
  <datafield tag="200" ind1="1" ind2=" ">
    <subfield code="a">Capitulo in lode del Verno: et vno altro capitulo in lode de la torta de m. Francesco Molza opera dignissima &amp; non piu vista al presente stampata ad istantia de Hyppolito deto Ferrarese</subfield>
  </datafield>
  <datafield tag="210" ind1=" " ind2=" ">
    <subfield code="d">1540</subfield>
    <subfield code="e">Stampata in Parma</subfield>
    <subfield code="g">per Francesco da Prato</subfield>
  </datafield>
  <datafield tag="215" ind1=" " ind2=" ">
    <subfield code="a">\16! c.</subfield>
    <subfield code="d">8ʻ</subfield>
  </datafield>
  <datafield tag="300" ind1=" " ind2=" ">
    <subfield code="a">Il nome dell&apos;editore  ̈presente nel titolo</subfield>
  </datafield>
  <datafield tag="620" ind1=" " ind2=" ">
    <subfield code="a">IT</subfield>
    <subfield code="d">Parma</subfield>
  </datafield>
  <datafield tag="700" ind1=" " ind2="1">
    <subfield code="a">Molza,</subfield>
    <subfield code="b">Francesco Maria</subfield>
    <subfield code="3">IT\ICCU\CNCA\001104</subfield>
  </datafield>
  <datafield tag="702" ind1=" " ind2="0">
    <subfield code="a">Ippolito</subfield>
    <subfield code="c"> : da#Ferrara</subfield>
    <subfield code="3">IT\ICCU\CNCA\015757</subfield>
  </datafield>
  <datafield tag="712" ind1="0" ind2="2">
    <subfield code="a">Ippolito da Ferrara</subfield>
    <subfield code="3">IT\ICCU\CNCT\000743</subfield>
    <subfield code="4">650</subfield>
  </datafield>
  <datafield tag="712" ind1="0" ind2="2">
    <subfield code="a">Francesco da Prato</subfield>
    <subfield code="3">IT\ICCU\CNCT\000664</subfield>
    <subfield code="4">650</subfield>
  </datafield>
  <datafield tag="790" ind1=" " ind2="0">
    <subfield code="a">Padre Siceo</subfield>
    <subfield code="3">IT\ICCU\CNCA\014870</subfield>
    <subfield code="z">Molza, Francesco Maria</subfield>
  </datafield>
  <datafield tag="790" ind1=" " ind2="1">
    <subfield code="a">Ferrara,</subfield>
    <subfield code="b">Ippolito : da</subfield>
    <subfield code="3">IT\ICCU\CNCA\020135</subfield>
    <subfield code="z">Ippolito : da#Ferrara</subfield>
  </datafield>
  <datafield tag="790" ind1=" " ind2="0">
    <subfield code="a">Ippolito</subfield>
    <subfield code="c"> : Ferrarese</subfield>
    <subfield code="3">IT\ICCU\CNCA\023017</subfield>
    <subfield code="z">Ippolito : da#Ferrara</subfield>
  </datafield>
  <datafield tag="791" ind1="0" ind2="2">
    <subfield code="a">Ippolito Ferrarese</subfield>
    <subfield code="3">IT\ICCU\CNCT\003683</subfield>
    <subfield code="z">Ippolito da Ferrara</subfield>
  </datafield>
  <datafield tag="791" ind1="0" ind2="0">
    <subfield code="a">Ferrarese, Ippolito</subfield>
    <subfield code="3">IT\ICCU\CNCT\003684</subfield>
    <subfield code="z">Ippolito da Ferrara</subfield>
  </datafield>
  <datafield tag="791" ind1="0" ind2="0">
    <subfield code="a">Ferrara, Ippolito da</subfield>
    <subfield code="3">IT\ICCU\CNCT\004861</subfield>
    <subfield code="z">Ippolito da Ferrara</subfield>
  </datafield>
  <datafield tag="791" ind1="0" ind2="2">
    <subfield code="a">Hyppolito Ferrarese</subfield>
    <subfield code="3">IT\ICCU\CNCT\004863</subfield>
    <subfield code="z">Ippolito da Ferrara</subfield>
  </datafield>
  <datafield tag="791" ind1="0" ind2="2">
    <subfield code="a">Hippolito Ferrarese</subfield>
    <subfield code="3">IT\ICCU\CNCT\004864</subfield>
    <subfield code="z">Ippolito da Ferrara</subfield>
  </datafield>
  <datafield tag="791" ind1="0" ind2="0">
    <subfield code="a">Prato, Franciscus de</subfield>
    <subfield code="3">IT\ICCU\CNCT\003813</subfield>
    <subfield code="z">Francesco da Prato</subfield>
  </datafield>
  <datafield tag="801" ind1=" " ind2="3">
    <subfield code="a">IT</subfield>
    <subfield code="b">ICCU</subfield>
    <subfield code="c">20201115</subfield>
  </datafield>
  <datafield tag="899" ind1=" " ind2=" ">
    <subfield code="a">Biblioteca comunale Augusta. Perugia</subfield>
    <subfield code="1">PG0109</subfield>
    <subfield code="2">UM1 01</subfield>
  </datafield>
</record>
</collection>
